@inproceedings{Kim2007,
 author = {Kim, S. and Fonseca, R. and Dutta, P. and Tavakoli, A. and Culler, D. and Levis, P. and Shenker, S. and Stoica, I.},
 title = {{Flush: A Reliable Bulk Transport Protocol for Multihop Wireless Networks}},
 booktitle = {Proceedings of the 5th International Conference on Embedded Networked Sensor Systems},
 series = {SenSys '07},
 year = {2007},
 isbn = {978-1-59593-763-6},
 location = {Sydney, Australia},
 pages = {351--365},
 numpages = {15},
 url = {http://doi.acm.org/10.1145/1322263.1322296},
 doi = {10.1145/1322263.1322296},
 acmid = {1322296},
 publisher = {ACM},
 address = {New York, NY, USA},
}

@INPROCEEDINGS{Dong2010, 
 author={Dong, W. and Liu, X. and Chen, C. and He, Y. and Chen, G. and Liu, Y. and Bu, J.}, 
 booktitle={INFOCOM, 2010 Proceedings IEEE}, 
 title={{DPLC: Dynamic Packet Length Control in Wireless Sensor Networks}}, 
 year={2010}, 
 month={March}, 
 pages={1-9},
 doi={10.1109/INFCOM.2010.5462063}, 
 ISSN={0743-166X},
}

@inproceedings{Jele2008,
 author = {Jelenkovi\'{c}, P.R. and Tan, J.},
 title = {{Dynamic Packet Fragmentation for Wireless Channels with Failures}},
 booktitle = {Proceedings of the 9th ACM International Symposium on Mobile Ad Hoc Networking and Computing},
 series = {MobiHoc '08},
 year = {2008},
 isbn = {978-1-60558-073-9},
 location = {Hong Kong, Hong Kong, China},
 pages = {73--82},
 numpages = {10},
 url = {http://doi.acm.org/10.1145/1374618.1374629},
 doi = {10.1145/1374618.1374629},
 acmid = {1374629},
 publisher = {ACM},
 address = {New York, NY, USA},
}

@INPROCEEDINGS{Lett1998, 
 author={Lettieri, P. and Srivastava, M.B.}, 
 booktitle={INFOCOM '98. Seventeenth Annual Joint Conference of the IEEE Computer and Communications Societies. Proceedings. IEEE}, 
 title={{Adaptive frame length control for improving wireless link throughput, range, and energy efficiency}}, 
 year={1998}, 
 month={Mar}, 
 volume={2}, 
 pages={564-571 vol.2}, 
 doi={10.1109/INFCOM.1998.665076}, 
 ISSN={0743-166X},
}

@INPROCEEDINGS{Vura2008, 
 author={Vuran, M.C. and Akyildiz, IF.}, 
 booktitle={INFOCOM 2008. The 27th Conference on Computer Communications. IEEE}, 
 title={{Cross-Layer Packet Size Optimization for Wireless Terrestrial, Underwater, and Underground Sensor Networks}}, 
 year={2008}, 
 month={April}, 
 pages={780-788},
 doi={10.1109/INFOCOM.2008.54}, 
 ISSN={0743-166X},
}

@article{Modi1999,
 author = {Modiano, E.},
 title = {{An Adaptive Algorithm for Optimizing the Packet Size Used in Wireless ARQ Protocols}},
 journal = {Wireless Networks},
 issue_date = {July 1999},
 volume = {5},
 number = {4},
 month = {Jul},
 year = {1999},
 issn = {1022-0038},
 pages = {279--286},
 numpages = {8},
 url = {http://dx.doi.org/10.1023/A:1019111430288},
 doi = {10.1023/A:1019111430288},
 acmid = {317011},
 publisher = {Springer-Verlag New York, Inc.},
 address = {Secaucus, NJ, USA},
}

@INPROCEEDINGS{Sank2003, 
 author={Sankarasubramaniam, Y. and Akyildiz, IF. and McLaughlin, S.W.}, 
 booktitle={Sensor Network Protocols and Applications, 2003. Proceedings of the First IEEE. 2003 IEEE International Workshop on}, 
 title={{Energy efficiency based packet size optimization in wireless sensor networks}}, 
 year={2003}, 
 month={}, 
 pages={1-8}, 
 doi={10.1109/SNPA.2003.1203351},
}